<record><leader>00000cas a22000007a 4500</leader><controlfield tag="001">9579301</controlfield><controlfield tag="008">830606d19001908ksudr ne      0    0eng d</controlfield><controlfield tag="009">3789</controlfield><datafield ind1=" " ind2=" " tag="010"><subfield code="a">sn 83040217 </subfield></datafield><datafield ind1=" " ind2=" " tag="040"><subfield code="a">KSH</subfield><subfield code="b">eng</subfield><subfield code="c">KSH</subfield><subfield code="d">NPT</subfield></datafield><datafield ind1="1" ind2=" " tag="029"><subfield code="a">AU@</subfield><subfield code="b">000025792175</subfield></datafield><datafield ind1=" " ind2=" " tag="042"><subfield code="a">msc</subfield></datafield><datafield ind1=" " ind2=" " tag="043"><subfield code="a">n-us-ks</subfield></datafield><datafield ind1="0" ind2=" " tag="130"><subfield code="a">Daily item (Great Bend, Kan.)</subfield></datafield><datafield ind1="0" ind2="4" tag="245"><subfield code="a">The Daily item.</subfield></datafield><datafield ind1=" " ind2=" " tag="260"><subfield code="a">Great Bend, Kan. :</subfield><subfield code="b">[s.n.],</subfield><subfield code="c">1900-1908.</subfield></datafield><datafield ind1=" " ind2=" " tag="300"><subfield code="a">8 v. ;</subfield><subfield code="c">30-56 cm.</subfield></datafield><datafield ind1=" " ind2=" " tag="310"><subfield code="a">Daily (except Sun.)</subfield></datafield><datafield ind1="0" ind2=" " tag="362"><subfield code="a">Vol. 1, no. 1 (Aug. 4, 1900)-v. 8, no. 282 (July 4, 1908)</subfield></datafield><datafield ind1=" " ind2=" " tag="500"><subfield code="a">"Independent."</subfield></datafield><datafield ind1=" " ind2=" " tag="500"><subfield code="a">Editor: F.E. Brown.</subfield></datafield><datafield ind1=" " ind2=" " tag="752"><subfield code="a">United States</subfield><subfield code="b">Kansas</subfield><subfield code="c">Barton</subfield><subfield code="d">Great Bend.</subfield></datafield><datafield ind1="0" ind2="0" tag="785"><subfield code="t">Great Bend daily item</subfield><subfield code="w">(DLC)sn 83040216</subfield></datafield></record>